{1:F01INDLGTGCAXXX0000000000}{2:I940INDLGTGCXXXXN}{4:
:20:28/03/20190001
:25:0040039396
:28C:43001/1
:60F:C190328GTQ6749475,72
:61:190328C4378182,91NCLR37911441
:86:DEPOSITO            0001 T-AUTOMATICO MONETARIOS MONETARIOS
:61:190328C70168,16NCLR38552305
:86:DEPOSITO            0001 AGENCIA MONTUFAR
:61:190328C1953,93NMSC00000130
:86:NOTA DE CREDITO     0002 PAGO ELECTRONICO BCA.TOTAL
:61:190328C36,02NMSC00001084
:86:NOTA DE CREDITO     0002 PAGO ELECTRONICO BCA.TOTAL
:61:190328C10382,84NMSC00002094
:86:NOTA DE CREDITO     0002 PAGO ELECTRONICO BCA.TOTAL
:61:190328C148981,43NMSC00002774
:86:NOTA DE CREDITO     0002 PAGO ELECTRONICO BCA.TOTAL
:61:190328C127244,78NMSC00011699
:86:NOTA DE CREDITO     0002 PAGO ELECTRONICO BCA.TOTAL
:61:190328C144123,21NMSC00038026
:86:NOTA DE CREDITO     0002 PAGO ELECTRONICO BCA.TOTAL
:61:190328C7791,02NMSC00062006
:86:NOTA DE CREDITO     0002 PAGO ELECTRONICO BCA.TOTAL
:61:190328C55688,70NMSC00073920
:86:NOTA DE CREDITO     0002 PAGO ELECTRONICO BCA.TOTAL
:61:190328C2972,37NMSC00178727
:86:NOTA DE CREDITO     0002 OPERACIONES ACH
:61:190328C64997,46NMSC00178728
:86:NOTA DE CREDITO     0002 OPERACIONES ACH
:61:190328C22,24NMSC00178732
:86:NOTA DE CREDITO     0002 OPERACIONES ACH
:61:190328C64673,47NMSC00178735
:86:NOTA DE CREDITO     0002 OPERACIONES ACH
:61:190328C59520,00NMSC00179960
:86:NOTA DE CREDITO     0002 OPERACIONES ACH
:61:190328C65264,58NMSC00179962
:86:NOTA DE CREDITO     0002 OPERACIONES ACH
:61:190328C64257,55NMSC00179964
:86:NOTA DE CREDITO     0002 OPERACIONES ACH
:61:190328C3964,50NMSC00251002
:86:NOTA DE CREDITO     0002 PAGO ELECTRONICO BCA.TOTAL
:61:190328C372708,62NMSC00284711
:86:NOTA DE CREDITO     0002 PAGO ELECTRONICO BCA.TOTAL
:61:190328C25064,52NMSC00284722
:86:NOTA DE CREDITO     0002 PAGO ELECTRONICO BCA.TOTAL
:61:190328C2153,80NMSC00285426
:86:NOTA DE CREDITO     0002 PAGO ELECTRONICO BCA.TOTAL
:61:190328C2184,00NMSC00285427
:86:NOTA DE CREDITO     0002 PAGO ELECTRONICO BCA.TOTAL
:61:190328C1680,00NMSC00285529
:86:NOTA DE CREDITO     0002 PAGO ELECTRONICO BCA.TOTAL
:61:190328C25011,98NMSC00379002
:86:NOTA DE CREDITO     0002 PAGO ELECTRONICO BCA.TOTAL
:61:190328C362,11NMSC00506002
:86:NOTA DE CREDITO     0002 PAGO ELECTRONICO BCA.TOTAL
:61:190328C268789,01NMSC00567002
:86:NOTA DE CREDITO     0002 PAGO ELECTRONICO BCA.TOTAL
:61:190328C11708,51NMSC00575002
:86:NOTA DE CREDITO     0002 PAGO ELECTRONICO BCA.TOTAL
:61:190328C4235,35NMSC00591002
:86:NOTA DE CREDITO     0002 PAGO ELECTRONICO BCA.TOTAL
:61:190328C38656,28NMSC00592002
:86:NOTA DE CREDITO     0002 PAGO ELECTRONICO BCA.TOTAL
:61:190328C124926,83NMSC00595002
:86:NOTA DE CREDITO     0002 PAGO ELECTRONICO BCA.TOTAL
:61:190328D6400000,00NMSC00743001
:86:NOTA DEBITO         0053 PAGO ELECTRONICO BCA.TOTAL
:61:190328D10,00NMSC64561956
:86:NOTA DEBITO         0053 CARGO CHEQUE RECHAZADO DEPOSITADO E
:61:190328D1679,30NMSC00000175
:86:NOTA DEBITO         0057 CHQS OTROS BCOS. RECHAZADO COMPE
:61:190328D1106,54NMSC64561956
:86:NOTA DEBITO         0057 CHQS OTROS BCOS. RECHAZADO COMPE
:62F:C190328GTQ6494386,06
:64:C190328GTQ6343567,52
-}
