{1:F01BCCENIMAAXXX0000000000}{2:I940CRESWWWWXARSN}{4:
:20:000002961
:21:021017
:25:100999999
:28C:0210/001
:60F:C170210NIO29702049,62
:61:170210C3572,75NMSC1003600000//ACH COMP MP REC
:86:TU TRANSFERENCIAS
:61:170210C10000000,00NTRF1000300000//EMPRESA NICARAGUA
:86:TN TRANSFERENCIA
:61:170210C173140,38NTRF0096100000//SOLUBLES S A
:86:BL BANCANET LOCAL
:61:170210C200000,00NTRF0096100000//DEPOSITO MIGUEL
:86:BL BANCANET LOCAL
:61:170210C243661,46NCLR0185801601//1324036 MARIA MA
:86:DP DEPOSITO
:61:170210C80970,25NCLR0185801603//5182860 ELIZABET
:86:DP DEPOSITO
:61:170210C17325,51NCLR0185801604//3211167 FELIX AL
:86:DP DEPOSITO
:61:170210C89,00NCLR0185801608//TRIP 8451 102458
:86:DP DEPOSITO
:61:170210C1346,67NCLR0185801614//DOC 97568 PASTOR
:86:DP DEPOSITO
:61:170210C673,34NCLR0185801615//DOC 97569 PASTOR
:86:DP DEPOSITO
:61:170210C352255,73NCLR0185801617//3086314 SANDRA V
:86:DP DEPOSITO
:61:170210C4214,80NCLR0185801622//TRIP 8409 107896
:86:DP DEPOSITO
:61:170210C251802,55NCLR0149505116//EVERT DANIEL RIV
:86:DP DEPOSITO
:61:170210C214475,30NCLR0185801616//1324062 MARIA AL
:86:DP DEPOSITO
:61:170210D729853,62NTRF1001700000//ND 44222
:86:BL BANCANET LOCAL
:61:170210D99012,90NTRF1001700000//ND 15175
:86:BL BANCANET LOCAL
:61:170210D208475,54NTRF1001700000//TRF PA20 MASIVA
:86:BL BANCANET LOCAL
:61:170210D9659,70NTRF1001700000//TRF PA20 MASIVA
:86:BL BANCANET LOCAL
:61:170210D840,01NMSC0185801626//VALES CAJA CHICA
:86:DB DEBITO
:62M:C170210NIO40197735,59
-}$
{1:F01BCCENIMAAXXX0000000000}{2:I940CRESWWWWXARSN}{4:
:20:000002961
:25:100999999
:28C:0210/002
:60M:C170210NIO40197735,59
:61:170210D17120,36NCHK029205//CHEQUE 029205
:86:CK CHEQUE
:62F:C170210NIO40180615,23
:64:C170210NIO39802099,32
:86:EMPRESA NICARAGUA  S A
-}